@book{AASM,
  title = {The AASM Manual for the Scoring of Sleep and Associated Events: Rules, Terminology and Technical Specifications},
  publisher = {American Academy of Sleep Medicine},
  year = {2018},
  edition = {Version 2.5}
}

@article{Stephansen2018,
  author = {Stephansen, Jesper B. and others},
  title = {Neural network analysis of sleep stages enables efficient diagnosis of narcolepsy},
  journal = {Nature Communications},
  year = {2018},
  volume = {9},
  number = {5229},
  doi = {10.1038/s41467-018-07229-3}
}
